@inproceedings{lahane2019review,
  title={A review of recent trends in EEG based Brain-Computer Interface},
  author={Lahane, Prashant and Jagtap, Jay and Inamdar, Aditya and Karne, Nihal and Dev, Ritwik},
  booktitle={2019 International Conference on Computational Intelligence in Data Science (ICCIDS)},
  pages={1--6},
  year={2019},
  organization={IEEE}
}